<record><leader>00000cas a22000007i 4500</leader><controlfield tag="001">793740859</controlfield><controlfield tag="006">m     o  d        </controlfield><controlfield tag="007">cr |||||||||||</controlfield><controlfield tag="008">120516d18uu18uumsuwr neo     0   a0eng d</controlfield><datafield ind1=" " ind2=" " tag="010"><subfield code="a">  2015218655</subfield></datafield><datafield ind1=" " ind2=" " tag="040"><subfield code="a">CRL</subfield><subfield code="b">eng</subfield><subfield code="c">CRL</subfield><subfield code="d">OCLCQ</subfield><subfield code="d">OCLCF</subfield><subfield code="d">CRL</subfield><subfield code="d">OCLCO</subfield><subfield code="d">DLC</subfield></datafield><datafield ind1="0" ind2=" " tag="022"><subfield code="a">2378-1602</subfield><subfield code="2">1</subfield></datafield><datafield ind1="1" ind2=" " tag="029"><subfield code="a">NZ1</subfield><subfield code="b">16034433</subfield></datafield><datafield ind1=" " ind2=" " tag="042"><subfield code="a">msc</subfield><subfield code="a">nsdp</subfield></datafield><datafield ind1=" " ind2=" " tag="043"><subfield code="a">n-us-ms</subfield></datafield><datafield ind1="1" ind2="0" tag="050"><subfield code="a">ISSN RECORD</subfield></datafield><datafield ind1="0" ind2="0" tag="082"><subfield code="a">071</subfield><subfield code="2">23</subfield></datafield><datafield ind1="0" ind2=" " tag="130"><subfield code="a">Columbus Democrat (Columbus, Miss.)</subfield></datafield><datafield ind1=" " ind2="0" tag="222"><subfield code="a">Columbus Democrat</subfield><subfield code="b">(Columbus, Miss. Online)</subfield></datafield><datafield ind1="1" ind2="0" tag="245"><subfield code="a">Columbus Democrat.</subfield></datafield><datafield ind1=" " ind2="1" tag="264"><subfield code="a">Columbus, Mississippi :</subfield><subfield code="b">H. H. Worthington</subfield></datafield><datafield ind1=" " ind2=" " tag="300"><subfield code="a">1 online resource</subfield></datafield><datafield ind1=" " ind2=" " tag="310"><subfield code="a">Weekly</subfield></datafield><datafield ind1=" " ind2=" " tag="336"><subfield code="a">text</subfield><subfield code="b">txt</subfield><subfield code="2">rdacontent</subfield></datafield><datafield ind1=" " ind2=" " tag="337"><subfield code="a">computer</subfield><subfield code="b">c</subfield><subfield code="2">rdamedia</subfield></datafield><datafield ind1=" " ind2=" " tag="338"><subfield code="a">online resource</subfield><subfield code="b">cr</subfield><subfield code="2">rdacarrier</subfield></datafield><datafield ind1=" " ind2=" " tag="500"><subfield code="a">Publishers: W.E. Smith, &lt;1836&gt;; W.H. Worthington, &lt;1852-1877&gt;.</subfield></datafield><datafield ind1=" " ind2=" " tag="500"><subfield code="a">Proprietors: Worthington &amp; Baldwin, &lt;1854&gt;.</subfield></datafield><datafield ind1=" " ind2=" " tag="500"><subfield code="a">Editors: H.H. Worthington, &lt;1836-1852&gt;; H.H. Worthington &amp; F.G. Baldwin, &lt;1854&gt;; S. Newton Berryhill &amp; W.H. Worthington, &lt;1877&gt;.</subfield></datafield><datafield ind1=" " ind2=" " tag="515"><subfield code="a">Issues for July 21, 1849-&lt;Feb. 9, 1850&gt; called also old ser., v. 16, new ser., v. 1, no. 4-&lt;old ser., v. 16, new ser., v. 1, no. 32&gt;.</subfield></datafield><datafield ind1=" " ind2=" " tag="588"><subfield code="a">Description based on: Vol. 3, no. 4 (August 6, 1836) (Chroniclingamerica.loc.gov, viewed April 1, 2015).</subfield></datafield><datafield ind1=" " ind2=" " tag="588"><subfield code="a">Latest issue consulted: Volume 19, number 27 (February 5, 1853) (Chroniclingamerica.loc.gov, viewed April 1, 2015).</subfield></datafield><datafield ind1=" " ind2="0" tag="651"><subfield code="a">Columbus (Miss.)</subfield><subfield code="v">Newspapers.</subfield></datafield><datafield ind1=" " ind2="7" tag="651"><subfield code="a">Mississippi</subfield><subfield code="z">Columbus.</subfield><subfield code="2">fast</subfield><subfield code="0">(OCoLC)fst01210803</subfield></datafield><datafield ind1=" " ind2="7" tag="655"><subfield code="a">Newspapers.</subfield><subfield code="2">fast</subfield><subfield code="0">(OCoLC)fst01423814</subfield></datafield><datafield ind1=" " ind2=" " tag="752"><subfield code="a">United States</subfield><subfield code="b">Mississippi</subfield><subfield code="c">Lowndes</subfield><subfield code="d">Columbus.</subfield></datafield><datafield ind1="0" ind2="8" tag="776"><subfield code="i">Originally issued in print:</subfield><subfield code="t">Columbus Democrat (Columbus, Miss.)</subfield><subfield code="x">2378-1599</subfield><subfield code="w">(DLC)sn 83016867</subfield><subfield code="w">(OCoLC)10192978</subfield></datafield><datafield ind1="0" ind2="5" tag="780"><subfield code="t">Southern standard (Columbus, Miss.)</subfield><subfield code="g">1856</subfield><subfield code="x">2378-3257</subfield><subfield code="w">(DLC)  2015218664</subfield><subfield code="w">(OCoLC)906795422</subfield></datafield><datafield ind1="4" ind2="0" tag="856"><subfield code="3">Center for Research Libraries: Mar 27, Apr 17, Oct 30, 1841</subfield><subfield code="u">https://dds.crl.edu/crldelivery/19151</subfield><subfield code="z">Center for Research Libraries: Mar 27, Apr 17, Oct 30, 1841</subfield></datafield><datafield ind1="4" ind2="0" tag="856"><subfield code="u">http://www.loc.gov/chroniclingamerica/lccn/sn83016867/issues</subfield></datafield></record>